@article{bayer2007,
  title={A unified framework for measuring preferences for schools and neighborhoods},
  author={Bayer, Patrick and Ferreira, Fernando and McMillan, Robert},
  journal={Journal of political economy},
  volume={115},
  number={4},
  pages={588--638},
  year={2007},
  publisher={The University of Chicago Press}
}

@article{bakkensenma,
  title={Sorting Over Flood Risk and Implications for Policy Reform},
  author={Bakkensen, Laura A and Ma, Lala},
  year={2019}
}

@article{klaiberphaneuf,
  title={Valuing open space in a residential sorting model of the Twin Cities},
  author={Klaiber, H Allen and Phaneuf, Daniel J},
  journal={Journal of Environmental Economics and Management},
  volume={60},
  number={2},
  pages={57--77},
  year={2010},
  publisher={Elsevier}
}

@article{bayertimmins,
  title={Estimating equilibrium models of sorting across locations},
  author={Bayer, Patrick and Timmins, Christopher},
  journal={The Economic Journal},
  volume={117},
  number={518},
  pages={353--374},
  year={2007},
  publisher={Oxford University Press Oxford, UK}
}

@article{black1999,
  title={Do better schools matter? Parental valuation of elementary education},
  author={Black, Sandra E},
  journal={The quarterly journal of economics},
  volume={114},
  number={2},
  pages={577--599},
  year={1999},
  publisher={MIT Press}
}

@article{blp1995,
  title={Automobile prices in market equilibrium},
  author={Berry, Steven and Levinsohn, James and Pakes, Ariel},
  journal={Econometrica: Journal of the Econometric Society},
  pages={841--890},
  year={1995},
  publisher={JSTOR}
}

@article{mccoywalsh,
  title={Wildfire risk, salience \& housing demand},
  author={McCoy, Shawn J and Walsh, Randall P},
  journal={Journal of Environmental Economics and Management},
  volume={91},
  pages={203--228},
  year={2018},
  publisher={Elsevier}
}